2614 4784
274 623 355 698 316
562 631 646 702 LIB.
667 629 733 702 Vl·
783 628 885 702 CAP.
911 633 954 703 V.

347 833 443 904 Nova
464 850 577 906 autem
603 823 779 906 doetrinae
795 837 986 928 plantarum
1008 827 1176 930 pbyfieae
1201 835 1265 900 lux

274 955 408 1036 affudit,
423 925 517 1026 ⁸cunr
546 957 713 1048 Stephani
746 959 906 1036 Hares,
945 954 1166 1026 ecelesiastici
1197 959 1264 1022 viri

274 1075 482 1166 (nila'1677-
505 1057 679 1164 †1761.)'
694 1086 929 1167 experimenta
943 1084 1070 1146 eximia
1086 1091 1122 1144 et
1141 1079 1264 1144 obier-
1304 1149 1305 1162 χ

275 1203 427 1267 vationes
443 1201 633 1288 prodirent.
684 1201 749 1266 Vir
764 1200 977 1267 inficiendis
999 1205 1263 1286 experimentis

277 1331 311 1386 et
332 1319 480 1384 eruenda
493 1325 644 1390 ,veritate
665 1315 896 1390 versat'tffimus
920 1330 1027 1410 totam
1048 1317 1126 1386 fere
1150 1327 1263 1388 vitam
1304 1339 1305 1350 ¹

194 1468 197 1476 ’
274 1443 461 1531 impendit,
490 1457 527 1510 ut
548 1450 584 1508 in
602 1444 765 1510 calculum
783 1457 923 1512 voearet
938 1459 1076 1510 naturae
1093 1466 1216 1531 opera
1232 1453 1264 1510 et

275 1573 425 1634 rationes
448 1571 680 1654 vegetationis.
731 1564 919 1632 Latueruut
933 1585 1012 1630 eum
1029 1564 1185 1648 quidem
1201 1585 1264 1651 po·

275 1682 457 1752 steriorum
475 1691 611 1752 inventa
631 1687 674 1753 de
695 1692 730 1752 ri
748 1691 822 1752 viva
841 1685 1047 1768 plantarum,
1078 1679 1145 1747 sed
1163 1705 1264 1774 prae·

275 1821 454 1896 perurunt,
488 1831 572 1894 quae
595 1807 664 1895 ipse
680 1806 913 1875 observaverat
934 1814 1157 1890 etexpertus
1177 1815 1262 1882 erat.

276 1925 456 1993 meliorem
472 1929 695 1998 ratiocinandi
715 1927 915 1994 methodum
926 1951 947 1991 :v
965 1947 1113 2010 namque
1129 1929 1261 2016 proba

276 2052 351 2112 tum
366 2051 408 2112 iis
422 2042 485 2125 est,
510 2047 605 2114 nullo
621 2049 727 2114 modo
744 2069 822 2114 curn
840 2043 1004 2114 mechinia
1018 2041 1261 2110 artificialibus

274 2190 385 2254 neque
403 2183 480 2234 oum
499 2174 616 2236 mixtis
633 2167 850 2266 solummodo
865 2168 1067 2256 corporibus
1084 2164 1191 2252 polle
1209 2189 1261 2232 ve-

274 2289 429 2378 getebiliu
444 2285 604 2356 conferri.
624 2333 627 2342 ,
658 2290 824 2357 Colleetes
844 2287 952 2356 edidit
967 2291 1117 2374 primum
1141 2287 1260 2352 obier-

163 2483 166 2490 ,
230 2401 244 2428 ⁵
275 2415 426 2498 vationes
441 2416 493 2476 in:
517 2405 1043 2498 ‚,Vegetable¹statilts,“.Lond.
1061 2427 1182 2494 ¹7²7·
1209 2403 1259 2482 8.,

275 2524 369 2598 cuius
389 2530 468 2596 libri
478 2537 710 2618 germanicam
726 2535 1063 2626 interpretationem,
1089 2549 1108 2594 a
1124 2527 1258 2594 Christ.

274 2649 414 2720 Wolffio
440 2665 608 2732 curatam,
644 2647 745 2720 Helle
777 2644 881 2736 1748·
913 2652 948 2732 4.
980 2635 1099 2717 cordm
1126 2647 1258 2716 habeo.

274 2768 525 2860 Complectitur
550 2775 849 2858 transpirationem
874 2770 1048 2862 stirpium,
1085 2776 1164 2837 vim
1196 2795 1261 2858 qua

273 2890 442 2964 attrahant
457 2905 492 2960 et
506 2891 698 2981 propellant
715 2889 899 2970 humores,
930 2898 1113 2958 circuitum
1133 2893 1258 2960 luceo-

143 3077 147 3088 ,
203 3013 205 3019 '
273 3037 351 3080 rum
378 3025 412 3080 et
433 3011 762 3100 airispraesentiam
783 3019 820 3080 in
841 3019 943 3082 variis
957 3013 1110 3102 partibus
1129 3028 1173 3080 et
1189 3016 1258 3082 iue-

193 3207 206 3230 ν
274 3140 323 3202 eis
340 3130 586 3220 vegetabilium.
644 3131 958 3221 Tranlpirntionem
979 3127 1140 3220 stirpium
1166 3137 1254 3200 adeo

273 3253 416 3326 validam
442 3255 587 3326 invenit,
614 3265 654 3330 ,ut
680 3249 883 3320 Heliauthus
908 3257 999 3318 intru
1022 3250 1255 3345 nychtheme·

272 3396 351 3442 rum
361 3373 474 3439 decies
490 3369 611 3460 septies
628 3343 701 3461 plus
717 3378 920 3441 nutrimenti
936 3378 1106 3462 acciperet
1121 3388 1163 3440 et
1180 3397 1254 3444 eva-

271 3505 429 3584 porant,
463 3515 562 3578 quam
577 3490 683 3560 homo
698 3491 847 3562 adultus:
875 3499 1047 3560 minorem
1064 3495 1253 3584 transpira-

270 3621 402 3682 tionem
417 3612 603 3680 observavit
616 3619 653 3678 in
669 3613 1009 3703 sempervirentibus,
1042 3637 1068 3680 e.
1083 3637 1114 3700 g.
1139 3621 1181 3682 in
1198 3617 1252 3683 ct·

269 3751 344 3812 tro,
376 3755 475 3819 quarn
497 3739 531 3798 in
555 3734 625 3800 aliis
643 3757 726 3821 quae
748 3735 829 3802 folia
850 3738 1027 3808 deliciunt:
1055 3735 1132 3823 plus
1156 3751 1250 3804 tran

268 3857 396 3948 spirare
416 3849 537 3942 stirpes
560 3861 725 3928 matuuno
745 3872 904 3946 tempore
919 3876 1018 3944 quarn
1033 3855 1248 3954 vespertino:

269 3974 440 4044 absorberi
456 3995 517 4062 per
530 3973 611 4042 folia
625 3982 799 4066 ingentem
814 3999 980 4068 vaporum
999 3983 1155 4066 copiam,
1176 3983 1246 4064 qui·

266 4101 330 4170 bus
352 4110 386 4166 et
403 4092 506 4164 flores
531 4110 566 4164 et
584 4095 714 4168 fructus
734 4103 942 4168 nutriantur:
974 4105 1045 4168 vim
1066 4100 1244 4192 transpira-
