2700 4780
327 556 629 636 soonrATns
654 558 917 633 nnnnrrar.
1086 563 1114 648 5

128 737 334 856 urgentibua
360 766 486 863 Boyiio
512 781 547 836 et
568 767 731 850 Wrenio,
761 770 875 838 sancta
899 768 985 836 suit·
1019 767 1110 840 duos
1153 837 1156 853 ,
1215 778 1223 797 ’

7 947 9 982 ᾗ
119 895 229 960 etiam
246 889 323 980 post
338 911 447 958 annos
463 889 523 958 suo
537 897 730 978 patrocinio
748 892 824 960 Rex
839 879 988 961 Carolus
1000 891 1044 960 ΙΙ.
1059 891 1110 960 so·

118 1013 283 1077 cieratem
298 1012 456 1102 dignatus
473 1009 533 1080 est.
568 1013 618 1082 Ut
629 1022 840 1106 praecipuus
854 977 1024 1084 laborum
1029 1013 1108 1088 finis

118 1135 347 1222 inaugendis
370 1134 560 1222 disciplinis
587 1137 798 1204 naturalibus
814 1135 1029 1218 versabatur,
1058 1141 1108 1204 ita

118 1259 237 1343 negari
251 1259 384 1342 nequit,
409 1255 586 1322 infantiam
604 1258 786 1343 quamdam
803 1264 1041 1347 cognitionum
1054 1262 1108 1345 ip·

115 1373 149 1444 sa
172 1367 278 1467 prodi
292 1373 535 1464 ,superstitione
559 1391 595 1444 et
617 1399 756 1459 rerum,
791 1403 877 1466 quae
896 1355 1017 1445 iamin
1033 1377 1107 1446 vut-

119 1520 182 1586 με
202 1513 310 1566 notae
332 1497 427 1579 sunt,
452 1498 592 1578 inscitia.
650 1496 711 1566 Sic
729 1523 819 1568 anno
841 1496 936 1568 1663
952 1497 1105 1570 societati
1341 1511 1342 1518 ’

116 1605 290 1702 refertur,
329 1645 410 1688 cum
445 1611 500 1688 satr
479 1635 597 1710 gerum
625 1622 801 1708 quoddam
829 1621 962 1688 caesum
987 1622 1104 1703 firerit,

115 1741 298 1809 successisse
313 1742 429 1812 salices
443 1744 593 1830 aliasque
610 1745 770 1823 arbores,
794 1749 870 1808 imo
891 1743 1104 1812 observatam
1210 1793 1215 1819 .

114 1862 209 1931 fuisse
240 1869 422 1968 arborem,
462 1887 550 1953 qnae
577 1869 672 1932 intus
696 1838 801 1930 fuerit
820 1863 975 1931 fraxinus
996 1877 1101 1932 extus

117 2007 265 2074 quercus
288 1985 412 2070 (Birria
426 1987 512 2076 hrsc
528 2011 604 2080 reg.
596 1989 688 2075 ..soc
706 2011 743 2070 1,
769 1983 884 2071 243).
936 1987 1025 2053 Cum
1042 2009 1102 2053 eo·

118 2110 193 2176 dem
210 2133 303 2178 anno
320 2107 535 2196 quaestiones
553 2113 717 2199 quaedam
734 2105 886 2178 L‘udolfo
895 2105 1101 2205 Aegyptum

114 2238 244 2322 petenti
265 2245 571 2322 proponerentur,
603 2231 756 2300 sciscitati
780 2240 882 2300 etiam
894 2232 1000 2314 sunt,
1024 2231 1100 2322 pos·

115 2350 193 2418 fitne
205 2352 321 2458 palma
332 2352 461 2420 femina
475 2355 601 2440 absque
615 2375 711 2420 mare
724 2350 877 2420 fructum
892 2350 1011 2419 ferre?
1035 2349 1099 2434 (ib
1139 2331 1142 2340 ⁵

116 2467 515 2571 2<issil³0y¹i¹1⁸irs0
539 2473 718 2544 confilium
738 2473 938 2581 proposuit,
965 2455 1097 2566 pyrum

112 2595 213 2661 inseri
235 2595 350 2687 spinae
372 2603 549 2678 cervinae,
590 2608 631 2662 ut
655 2607 787 2682 pateat,
823 2617 1021 2686 purgarent
1045 2601 1097 2664 ris

111 2729 261 2784 transeat
278 2716 345 2800 (ib.
360 2721 428 2785 uos.
441 2742 483 2798 2,
513 2711 602 2802 28.)

186 2839 304 2906 Multo
320 2845 429 2929 magis
445 2843 597 2918 obnoxia
611 2835 665 2908 his
676 2842 854 2908 erroribus
869 2821 935 2906 suit
943 2835 1096 2927 societur

7 2977 8 2984 ’
111 2960 317 3035 Germanica
340 2965 494 3030 naturaie
517 2963 753 3052 oacriolbrum,
793 2955 887 3050 quae
912 2962 1097 3028 armedicn

110 3067 360 3165 Suinfurtensr,
390 3083 442 3164 Io.
459 3073 563 3152 Laur.
587 3083 751 3155 Bauschio
781 3079 875 3151 1652
902 3077 1096 3166 constituta,

103 3229 199 3275 anno
221 3205 316 3294 1677
342 3206 486 3280 domurn
509 3205 734 3296 Imperatoria
757 3209 991 3296 patrocinium
1010 3205 1098 3269 obti-

108 3335 195 3398 nuit.
246 3325 382 3402 Primos
399 3325 510 3396 sooios
523 3325 693 3396 mirabilia
712 3321 975 3405 tantummodo,
999 3324 1097 3392 fabu·
1195 3333 1198 3340 ’

107 3450 175 3518 losa
198 3467 234 3520 et
256 3451 394 3517 ludicra
416 3447 560 3516 affecisse
577 3449 765 3529 ‘videntum
789 3435 828 3514 ut
846 3465 969 3536 parum
985 3439 1098 3522 incre·¹

108 3579 218 3644 menti
242 3597 287 3640 ex
312 3597 435 3642 eorum
458 3575 637 3644 conatibus
657 3576 789 3660 ceperit
807 3569 985 3656 disciplina
1000 3576 1096 3640 natu·
1120 3660 1124 3667 ¹

103 3696 205 3764 ralis.
260 3691 322 3760 Sic
339 3693 446 3766 Mich.
461 3691 588 3761 Bernh.
605 3689 823 3771 Berniziuc,¹
838 3689 1022 3786 Posonicus
1043 3712 1096 3756 ar·

102 3816 279 3898 abiatar,
300 3822 337 3882 in
351 3807 511 3891 Pteridis
542 3815 659 3881 radice
685 3813 859 3926 aquilam
855 3811 998 3880 cidit
987 3829 1113 3902 trnpe

108 3939 226 4028 'tialern
262 3935 367 4026 (Epa.
391 3957 462 4003 nur.
484 3960 559 4004 cur
579 3938 653 4002 deo.
675 3957 704 4002 1.
730 3960 811 4003 ann
829 3957 863 4000 2.
890 3931 958 4022 obs
979 3931 1027 4018 ι.)
1058 3938 1097 3999 ιιι

103 4055 277 4174 Parmesia
301 4055 527 4147 pulmonaoea
558 4053 682 4126 sacrem
707 4057 870 4127 sarratam
903 4051 991 4142 (obs
1013 4047 1094 4142 51)
