2612 4784
244 519 319 592 uo
351 513 443 608 nn.
456 511 522 586 vr.
558 507 661 585 cin
678 510 709 586 1.
759 444 1202 634 numnrnnnonns

241 729 421 813 mellarium
437 719 556 793 obfint.
604 725 823 806 Ventorum,
847 735 905 816 qui
921 723 1091 798 advehere
1106 723 1219 816 pollen

241 850 453 918 foecundans
477 850 653 926 dicantur,
688 846 857 915 summam
885 848 950 915 esse
977 847 1219 926 difficultatem,
1301 889 1302 926 ,

241 985 279 1046 et
306 969 493 1058 palmarum
519 965 674 1062 Aegypti
698 979 773 1032 arte
799 967 1081 1056 foecundptarum
1108 986 1222 1034 exem·

240 1092 338 1182 plum
355 1113 397 1158 eo
412 1090 485 1156 fere
504 1092 655 1166 reduci,
668 1091 760 1176 quod
776 1069 795 1156 e
813 1087 967 1156 masculis
982 1086 1125 1156 floribus
1143 1069 1224 1157 culi·

244 1235 301 1286 ces
316 1214 516 1302 protelent,
543 1217 601 1297 qui
618 1208 749 1276 officula
768 1207 960 1299 palmarum
975 1205 1074 1278 citius
1096 1212 1141 1276 ud
1150 1225 1224 1278 tna·

243 1340 416 1405 toritatem
439 1333 636 1420 perducant.
687 1329 824 1398 Etenim
848 1339 883 1398 et
903 1329 1029 1396 ficuum
1053 1332 1225 1421 caprifica-
1302 1349 1303 1400 Ξ

241 1463 374 1536 tionem
388 1453 607 1529 fimilimodo
632 1452 868 1542 explicandam
888 1451 970 1536 elle3
1002 1450 1125 1520 nesciri
1148 1475 1225 1522 eant

138 1647 143 1656 ,
209 1645 217 1666 ,
242 1583 279 1648 in
295 1576 409 1651 ltalia,
440 1577 531 1642 unde
546 1577 588 1640 ad
603 1579 834 1644 maturitatem
851 1572 1106 1640 accelerandam
1122 1595 1160 1640 ea
1175 1579 1226 1638 iu·

29 1741 36 1748 -
147 1763 151 1768 .
242 1695 333 1782 lecta
352 1703 466 1787 potius
487 1689 731 1782 requiriq'uam
749 1697 792 1762 sd
807 1695 1121 1761 foecundatiouem.
1170 1693 1226 1764 In-¹

243 1817 369 1908 fignem
386 1841 469 1886 vero
487 1817 550 1884 esse
568 1832 706 1884 naturae
723 1831 836 1901 artem
850 1836 888 1899 ac
902 1815 1098 1906 sapientiam
1114 1819 1151 1881 in
1171 1837 1225 1883 ve·
1303 1829 1304 1908 l

242 1935 354 2006 landis
375 1937 577 2024 tuendisque
603 1939 756 2022 partibus
781 1943 993 2026 generationi
1014 1914 1229 2002 inservienti·

205 2123 208 2129 r
232 2061 308 2137 rbus
332 2067 366 2123 et
385 2057 462 2144 ipfis
485 2053 656 2125 nectaiiis·
694 2055 872 2150 ,Quorum
897 2057 978 2126 licet
999 2057 1162 2150 fabricam
1191 2070 1226 2124 et

243 2179 340 2249 niune
356 2177 547 2246 Pontedera
560 2178 652 2244 haud
668 2180 1018 2272 penitus‘cognolcat,
1034 2182 1158 2246 eodem
1177 2191 1227 2244 ta·
1304 2237 1305 2258 ,

244 2288 327 2382 men
343 2300 415 2366 fere
430 2302 540 2374 modo
562 2297 770 2370 machinulas
793 2305 902 2369 varias
925 2303 965 2370 ad
983 2304 1132 2376 nectaria
1148 2322 1230 2390 per·
1304 2275 1305 2304 ³

245 2428 393 2490 tinentes
411 2427 576 2509 exponit,
608 2443 647 2488 ac
663 2445 772 2512 nuper
789 2437 941 2512 patruus.
993 2423 1122 2491 Cetero
1138 2421 1228 2490 Pon·

245 2543 366 2610 tedera
380 2555 474 2608 taxat
486 2545 615 2630 ubique
629 2538 936 2625 Tournelortium‚
968 2536 1042 2614 tum
1057 2551 1095 2612 in
1109 2545 1229 2611 defini·

246 2667 399 2732 tionibus
417 2671 587 2753 partium,
613 2681 686 2732 turn
702 2673 738 2732 in
758 2667 957 2736 ordinandis
976 2667 1111 2758 plantis.
1163 2663 1228 2732 Ca·

246 2781 335 2882 lycis
362 2781 593 2861 definitionem
627 2785 850 2878 gravissimam
883 2790 999 2870 habet,
1043 2813 1122 2857 eum
1154 2809 1228 2857 non

170 2899 172 2904 ¹
227 2948 231 2955 ·
247 2909 382 2996 semper
396 2915 432 2974 iu
445 2909 595 2976 fructum
610 2911 721 2993 abire,
747 2911 805 2978 sed
819 2911 984 2978 caducum
999 2910 1095 2998 saepe
1112 2909 1178 2978 else
1194 2923 1228 2978 et

249 3027 422 3118 duplicem
437 3043 492 3094 aut
505 3031 695 3114 triplicem,
718 3031 825 3119 qualis
841 3039 876 3096 iu
893 3031 1089 3121 compositis
1104 3035 1227 3100 obvius

240 3149 288 3248 fit
309 3163 344 3215 et
364 3154 571 3239 aggregatis,
598 3153 656 3230 ubi
671 3175 802 3242 pappus
820 3151 869 3218 nil
885 3151 942 3218 nii
966 3153 1065 3247 calyx
1084 3158 1227 3221 intimus

242 3259 297 3338 'tin
334 3269 372 3336 In
388 3271 583 3358 digerendis
601 3273 795 3362 compofitis
810 3288 922 3342 autern
937 3271 1130 3344 Pontedera
1146 3300 1229 3368 ope·

249 3408 310 3468 tte
340 3390 526 3480 plurimum
543 3393 756 3476 collocavit,
795 3419 942 3484 namque
973 3397 1227 3468 dissertationes

250 3514 411 3581 undecim
431 3511 645 3603 anthologiae
667 3518 818 3594 adnexae
842 3517 1120 3607 complectuntur
1144 3523 1229 3590 dun·

250 3642 347 3712 taxet
361 3655 432 3699 earn
443 3617 691 3724 digestionem,
715 3639 752 3701 in
769 3661 834 3725 qua
849 3635 1136 3710 uTourneiortio
1156 3642 1229 3730 ple·

252 3774 400 3837 rumque
415 3756 562 3831 recedit,
587 3758 804 3844 receptaculo
824 3759 988 3826 summam
1007 3761 1161 3832 tribuens
1179 3764 1228 3830 di·

230 3881 435 3964 ‚gnitatemt
462 3892 656 3966 aggregatas
681 3891 898 3964 tamencum
924 3879 1119 3967 compositis
1145 3879 1227 3949 con-

252 3973 398 4068 fundi-⁴
430 3997 548 4066 Edidit
581 4003 683 4068 etiam
720 3998 1003 4094 „compendium
1031 4001 1227 4078 tabulatum
