2626 4780
284 591 361 686 ιι.
518 573 660 662 *un
681 559 745 660 'ri‘
782 563 884 659 cer·
909 586 951 656 11
994 563 997 568 ’
1042 579 1066 590 ··

256 883 261 900 .
285 812 380 875 ribus
399 777 609 898 trivialibus,
633 767 797 884 ιιιινιιιιιι
806 719 1051 936 lynon'yniia,
1054 779 1216 874 absque
1199 783 1261 852 dit·

286 933 439 1043 larentia
743 995 744 1000 ι

363 1007 521 1154 Quodsi
512 1067 627 1140 meum
648 1013 833 1130 adiungere
847 1038 1016 1138 iudicium
1030 1031 1084 1102 de
1088 1050 1158 1100 tam
1178 1022 1263 1125 cele·

286 1179 440 1244 berrimo
462 1132 637 1264 systemate
651 1161 749 1238 licet,
774 1157 863 1234 haud
881 1143 1041 1236 inficior,
1060 1153 1160 1222 laude
1177 1119 1304 1236 snut-¹

286 1322 344 1366 ma
366 1293 574 1390 ornandum
584 1287 620 1351 id
644 1281 723 1360 elle,
760 1275 847 1362 oum
863 1283 1022 1368 inprimis
1051 1299 1092 1342 eo
1120 1275 1262 1358 quidem

285 1404 447 1510 tempore
462 1401 565 1478 nemo
582 1431 622 1474 au
625 1405 674 1471 lus
690 1397 811 1479 esset,
812 1395 936 1508 genera
956 1400 1046 1463 notis
1062 1393 1224 1460 idoneis
1214 1413 1263 1454 ιιι

174 1585 180 1594 ·
287 1528 441 1617 struere,
465 1545 640 1611 totamque
656 1519 874 1588 methodum
874 1525 920 1585 ita
934 1517 1137 1592 absolvere,
1146 1529 1185 1580 ιιι
1200 1535 1267 1579 nna

288 1659 476 1743 eademque
496 1649 694 1743 informatio
717 1665 790 1708 eam
814 1655 960 1730 regeret.
1008 1639 1106 1704 Licet
1120 1637 1265 1705 Riuinus

177 1784 181 1790 ⁸
229 1768 260 1792 ⁰
289 1783 445 1853 eamdem
460 1777 547 1844 viam
571 1768 766 1843 calcaverit,
791 1759 827 1828 ιιι
843 1759 955 1827 tamen
970 1757 1142 1842 interfuit,
1168 1751 1264 1846 qnod

288 1907 397 1992 magis
420 1899 461 1964 ad
483 1892 734 1984 regularitatem
757 1899 792 1949 et
814 1871 998 1948 nnmerum
1014 1900 1072 1968 pe.
1060 1881 1208 1946 talorum
1225 1903 1262 1944 ac

287 2027 508 2097 laciniatim,
538 2008 655 2080 noster
677 2021 788 2074 antem
809 2007 926 2094 potius
948 2001 990 2069 ad
1013 2000 1261 2068 similitudinem

290 2169 368 2214 curn
395 2142 467 2208 aliis
482 2139 585 2202 rebus
605 2127 777 2198 confilium
792 2121 1016 2192 transtulerit.
1066 2123 1105 2188 In
1121 2123 1264 2190 Rivinia·

185 2275 187 2283 '
289 2253 338 2356 na
359 2263 525 2335 methodo
553 2257 739 2341 disparatae
766 2246 883 2336 plures
916 2217 1061 2310 familiae
1094 2251 1128 2308 in
1162 2263 1262 2308 unam

260 2381 275 2472 ‚⁸
291 2365 521 2474 coniiciuntur
555 2375 705 2451 classem,
744 2367 944 2434 umbellata'e
962 2387 1047 2432 cum
1069 2363 1264 2454 Delphinio,

291 2503 395 2584 Viola
417 2521 451 2576 et
465 2502 688 2589 Pelargoniis:
721 2500 756 2558 in
772 2485 1063 2557 Tournefortiana
1086 2503 1170 2555 vero
1196 2493 1265 2552 iun·

293 2627 418 2726 ¹guntur
437 2648 520 2715 quae
535 2621 666 2688 formae
685 2609 833 2680 corollae
850 2603 969 2672 similes
985 2579 1068 2671 lunt.
1122 2605 1264 2673 Rivinia·

242 2763 245 2770 ’
292 2757 337 2827 na
360 2748 543 2820 methodus
565 2734 745 2816 ordinibus
767 2742 890 2795 ¹manca
911 2740 983 2793 erat
1004 2743 1038 2794 et
1054 2749 1179 2816 genera
1195 2751 1264 2794 non

292 2875 361 2949 rite
393 2867 627 2940 constituebat.
667 2849 957 2931 Tournefortius
983 2847 1041 2915 libi
1065 2849 1135 2938 ipse
1161 2851 1264 2940 magis'

294 2993 463 3069 constitit,
487 3001 657 3066 unamque
672 2995 829 3042 normam
846 2971 888 3036 ad
904 2977 1016 3036 omnia
1032 2969 1194 3036 adhibuit.

373 3103 716 3207 Quandoquidemet
707 3119 773 3162 lam
789 3099 942 3160 omnium
959 3093 1142 3160 consensu
1132 3119 1169 3161 ιιι
1182 3095 1263 3161 llor'e

296 3252 353 3307 aut
366 3235 480 3301 fructu
495 3223 685 3314 quaerenda
699 3219 773 3283 lunt
786 3227 886 3282 notae
902 3213 1167 3308 methodorum,
1192 3241 1265 3308 per-

296 3351 357 3430 ind
345 3353 451 3424 icelle
466 3351 612 3422 videtur,
630 3341 693 3408 five
709 3341 783 3422 quis
800 3335 977 3401 corollaef
976 3355 1120 3410 ormam,
1136 3351 1195 3402 aut
1209 3335 1265 3402 sta·

194 3547 197 3554 ,
297 3473 430 3548 ininurn
452 3475 634 3537 munerum
656 3483 701 3530 ac
708 3457 825 3535 fitam,
851 3452 906 3523 vel
925 3455 1056 3522 fruetus
1073 3463 1264 3525 varietatem

288 3593 469 3686 loquatur.
512 3589 634 3655 Habet
656 3599 770 3649 tamen
797 3581 834 3646 id
851 3583 923 3646 vitii
936 3570 1265 3648 Tournefortianum

298 3711 459 3816 systema,
483 3689 575 3798 ιιιιοιι
590 3712 702 3772 minus
717 3689 1077 3794 generalem'partem,
1108 3714 1266 3786 tanquam

299 3861 458 3910 normam
477 3831 690 3916 stabiliverit;
717 3821 847 3892 corolla
869 3826 960 3888 enim
985 3825 1096 3886 minus
1116 3817 1268 3906 frequen·

254 4041 271 4068 ρ
302 3979 355 4032 ter
371 3957 463 4028 adest
481 3977 577 4042 quam
602 3949 742 4018 stamina
762 3965 800 4012 ac
823 3941 967 4010 fructus.
1018 3933 1110 4004 Hinc
1131 3937 1184 4020 fit,
1216 3957 1271 4002 na·

299 4069 446 4160 ίιιιιιιι,
485 4093 569 4164 quas
593 4068 710 4146 habet,
750 4058 888 4143 classes,
912 4061 961 4126 ab
995 4071 1134 4130 auctore
1157 4067 1268 4126 tamen
